@article{martinez2017simple,
	title={A simple yet effective baseline for 3d human pose estimation},
	author={Martinez, Julieta and Hossain, Rayat and Romero, Javier and Little, James J},
	journal={arXiv preprint arXiv:1705.03098},
	year={2017}
}


@inproceedings{newell2016,
	title={Stacked hourglass networks for human pose estimation},
	author={Newell, Alejandro and Yang, Kaiyu and Deng, Jia},
	booktitle={European Conference on Computer Vision},
	pages={483--499},
	year={2016},
	organization={Springer}
}
